@ARTICLE{Tombe:2019tm,
	author = {Tombe, T. and Zhu, X.},
	title = {Trade, migration, and productivity: A quantitative analysis of China.},
	journal = {American Economic Review},
	year = {2019},
	volume = {109},
	pages = {1843-72},
	number = {5},
	month = {},
	publisher = {},
}
