@ARTICLE{Cai:2009qr,
	author = {Cai, F. and Du, Y. and Wang, M.~Y.},
	title = {{M}igration and labor mobility in {C}hina},
	journal = {Human Development Research Paper (HDRP) Series},
	year = {2009},
	volume = {9},
	pages = {},
	number = {},
	month = {},
	publisher = {},
}

@ARTICLE{Sjaastad:1962cr,
	author = {Sjaastad, L.~A.},
	title = {The cost and returns of human migration},
	journal = {Journal of Political Economy},
	year = {1962},
	volume = {70},
	pages = {80-93},
	number = {5},
	month = {},
	publisher = {},
}

@ARTICLE{Wilson:2021wi,
	author = {Wilson, R.},
	title = {Moving to jobs: The role of information in migration decisions},
	journal = {Journal of Labor Economics},
	year = {2021},
	volume = {39},
	pages = {1083-1128},
	number = {4},
	month = {},
	publisher = {},
}

@ARTICLE{Stiglitz:1970sj,
	author = {Stiglitz, J.~E and Rothschild, M},
	title = {Increasing risk: I.A definition},
	journal = {Journal of Economic Theory},
	year = {1970},
	volume = {2},
	pages = {225-243},
	number = {3},
	month = {},
	publisher = {},
}

@ARTICLE{Munshi:2003mn,
	author = {Munshi, K.},
	title = {Networks in the modern economy: Mexican migrants in the US labor market},
	journal = {The Quarterly Journal of Economics },
	year = {2003},
	volume = {118},
	pages = {549-599},
	number = {2},
	month = {},
	publisher = {},
}

@ARTICLE{Feltham:1968vm,
	author = {Feltham, G.~A.},
	title = {The value of information},
	journal = {The accounting review},
	year = {1968},
	volume = {43},
	pages = {684-696},
	number = {4},
	month = {},
	publisher = {},
}

@online{ILO:2013lm,
  author = {ILO},
  title = {Labour migration in China and Mongolia},
  year = {2013},
  url = {http://www.ilo.org/beijing/areas-of-work/labour-migration/lang--en/index.htm},
  urldate = {2023-01-05}
}

@ARTICLE{Castles:2004cf,
	author = {Castles, S.},
	title = { The factors that make and unmake migration policies},
	journal = {International migration review},
	year = {2004},
	volume = {38},
	pages = {852-884},
	number = {3},
	month = {},
	publisher = {},
}

@BOOK{Yu:2009mc,
	title = {Media and cultural transformation in China},
	publisher = {Routledge},
	author = {Yu, H.},
	year = {2009},
	edition = {},
}

@ARTICLE{Montgomery:1991sl,
	author = {Montgomery, J.~D.},
	title = {Social networks and labor-market outcomes: Toward an economic analysis},
	journal = {The American economic review},
	year = {1991},
	volume = {81},
	pages = {1408-1418},
	number = {5},
	month = {},
	publisher = {},
}

@ARTICLE{Haug:2008mn,
	author = {Haug, S.},
	title = {Migration networks and migration decision-making},
	journal = {Journal of ethnic and migration studies},
	year = {2008},
	volume = {34},
	pages = {585-605},
	number = {4},
	month = {},
	publisher = {},
}

@BOOK{Schelling:1978mm,
	title = {Micromotives and Macrobehavior},
	publisher = {W. W. Norton \& Company},
	author = {Schelling, T.~C.},
	year = {1978},
	edition = {},
}

@ARTICLE{Todaro:1970td,
	author = {Harris, J.~R., and Todaro, M.~P.},
	title = {Migration, unemployment and development: a two-sector analysis},
	journal = {The American economic review},
	year = {1970},
	volume = {60},
	pages = {126-142},
	number = {1},
	month = {},
	publisher = {},
}

@ARTICLE{Allen:1979it,
	author = {Allen, J.},
	title = {Information and subsequent migration: Further analysis and additional evidence},
	journal = {Southern Economic Journal},
	year = {1979},
	volume = {},
	pages = {1274-1284},
	number = {},
	month = {},
	publisher = {},
}

@ARTICLE{Katz:1987ia,
	author = {Katz, E and Stark, O.},
	title = {International migration under asymmetric information},
	journal = {The Economic Journal},
	year = {1987},
	volume = {97},
	pages = {718-726},
	number = {387},
	month = {},
	publisher = {},
}

@ARTICLE{Chan:2009ch,
	author = {Chan, K. W.},
	title = {The Chinese hukou system at 50},
	journal = {Eurasian geography and economics},
	year = {2009},
	volume = {50},
	pages = {197-221},
	number = {2},
	month = {},
	publisher = {},
}

@ARTICLE{Cheng:1994os,
	author = {Cheng, T., and Selden, M.},
	title = {The origins and social consequences of China's hukou system},
	journal = {The China Quarterly},
	year = {1994},
	volume = {139},
	pages = {644-668},
	number = {},
	month = {},
	publisher = {},
}

@ARTICLE{Cai:2001hu,
	author = {Cai, F.},
	title = {Hukou system reform and unification of rural–urban social welfare},
	journal = {China \& World Economy},
	year = {2001},
	volume = {19},
	pages = {33-48},
	number = {3},
	month = {},
	publisher = {},
}

@BOOK{Leung:2012ic,
	title = {Perspectives on Teaching and Learning Chinese Literacy in China},
	publisher = {Springer, Dordrecht},
	author = {Leung, C.~B, and Wang, Y.},
	year = {2012},
	edition = {},
}

@ARTICLE{Corcoran:1980mf,
	author = {Corcoran, M, and Datcher, L, and Duncan, G.~J.},
	title = {Most workers find jobs through word of mouth},
	journal = {Monthly Labor Review},
	year = {1980},
	volume = {103},
	pages = {33-35},
	number = {8},
	month = {},
	publisher = {},
}

@ARTICLE{Fazito:2015fs,
	author = {Fazito, D, and  Soares, W.},
	title = {The Industry of Illegal Migration: Social Network Analysis of the Brazil‐US Migration System},
	journal = {International Migration},
	year = {2015},
	volume = {53},
	pages = {183-204},
	number = {6},
	month = {},
	publisher = {},
}

@ARTICLE{Neetha:2004nm,
	author = {Neetha, N},
	title = {Making of female breadwinners: Migration and social networking of women domestics in Delhi},
	journal = {Economic and Political Weekly},
	year = {2004},
	volume = {},
	pages = {1681-1688},
	number = {},
	month = {},
	publisher = {},
}

@ARTICLE{Kinnan:2018am,
	author = {Kinnan, C, and Wang, S.~Y, and Wang, Y.},
	title = {Access to migration for rural households},
	journal = {American Economic Journal: Applied Economics},
	year = {2018},
	volume = {10},
	pages = {79-119},
	number = {4},
	month = {},
	publisher = {},
}

@ARTICLE{Zhao:2003zr,
	author = {Zhao, Y.},
	title = {The role of migrant networks in labor migration: The case of China},
	journal = {Contemporary Economic Policy},
	year = {2003},
	volume = {21},
	pages = {500-511},
	number = {4},
	month = {},
	publisher = {},
}

@ARTICLE{Farré:2013fm,
	author = {Farré, L, and Fasani, F.},
	title = {Media exposure and internal migration—Evidence from Indonesia},
	journal = {Journal of Development Economics},
	year = {2013},
	volume = {102},
	pages = {48-61},
	number = {},
	month = {},
	publisher = {},
}

@ARTICLE{Braga:2007m,
	author = {Braga, M.},
	title = {Dreaming Another Life. The Role of Foreign Media in Migration Decisions. Evidence from Albania},
	journal = {World Bank Working Paper},
	year = {2007},
	volume = {},
	pages = {},
	number = {},
	month = {},
	publisher = {},
}

@ARTICLE{Kiousis:2001kp,
	author = {Kiousis, S.},
	title = {Public trust or mistrust? Perceptions of media credibility in the information age},
	journal = {Mass communication & society},
	year = {2001},
	volume = {4},
	pages = {381-403},
	number = {4},
	month = {},
	publisher = {},
}

@ARTICLE{Sambrook:2021sk,
	author = {Sambrook, K, and Konstantinidis, E, and  Russell, S, and Okan, Y.},
	title = {The role of personal experience and prior beliefs in shaping climate change perceptions: A narrative review},
	journal = {Frontiers in psychology},
	year = {2021},
	volume = {12},
	pages = {},
	number = {669911},
	month = {},
	publisher = {},
}

@ARTICLE{Wiswall:2015wd,
	author = {Wiswall, M. and Zafar, B.},
	title = {Determinants of college major choice: Identification using an information experiment},
	journal = {The Review of Economic Studies},
	year = {2015},
	volume = {82},
	pages = {791-824},
	number = {2},
	month = {},
	publisher = {},
}

@ARTICLE{Becker:2004bl,
	author = {Becker, J.},
	title = {Lessons from Russia: A neo-authoritarian media system},
	journal = {European journal of communication},
	year = {2004},
	volume = {29},
	pages = {139-163},
	number = {2},
	month = {},
	publisher = {},
}

@online{Edward:2007ei,
  author = {Cody, E},
  title = {In a changing China, news show thrives with timeworn ways},
  year = {2007},
  url = {https://www.washingtonpost.com/wp-dyn/content/article/2007/03/22/AR2007032202301.html},
  urldate = {2023-01-09}
}

@ARTICLE{Chang:2016tn,
	author = {Chang, J, and Ren, H.},
	title = {Television news as political ritual: Xinwen Lianbo and China’s journalism reform within the party-state’s orbit},
	journal = {Journal of Contemporary China},
	year = {2016},
	volume = {25},
	pages = {14-24},
	number = {97},
	month = {},
	publisher = {},
}

@online{Fish:2017fc,
  author = {Fish, E},
  title = {China’s Angriest Newspaper Doesn’t Speak for China},
  year = {2017},
  url = {https://www.washingtonpost.com/wp-dyn/content/article/2007/03/22/AR2007032202301.html},
  urldate = {2023-01-10}
}

@ARTICLE{Wang:1993wn,
	author = {Wang,S.},
	title = {The New York Times’ and Renmin Ribao’s news coverage of the 1991 Soviel coup: A case study of international news discourse.},
	journal = {Text-Interdisciplinary Journal for the Study of Discourse},
	year = {1993},
	volume = {13},
	pages = {559-598},
	number = {4},
	month = {},
	publisher = {},
}

@ARTICLE{Lee:1982ud,
	author = {Lee, C.~C.},
	title = {The United States as seen through the People's Daily},
	journal = {Journal of communication},
	year = {1982},
	volume = {31},
	pages = {92-101},
	number = {4},
	month = {},
	publisher = {},
}

@ARTICLE{Xu:2019sd,
	author = {Xu, Z, and Clark, A. ~M.},
	title = {It is a Scary and Dangerous World: A Content Analysis of Xinwen Lianbo’s News Coverage of Foreign Affairs},
	journal = {Athens Journal of Mass Media and Communications},
	year = {2019},
	volume = {5},
	pages = {275-290},
	number = {4},
	month = {},
	publisher = {},
}

@ARTICLE{Zhang:2022et,
	author = {Zhang, F, and Hong, Y, and Jiang, Y, and Yu, J.},
	title = {Impact of national media reporting concerning COVID-19 on stock market in China: empirical evidence from a quantile regression},
	journal = {Applied Economics},
	year = {2020},
	volume = {54},
	pages = {414-430},
	number = {33},
	month = {},
	publisher = {},
}


@ARTICLE{Pan:2022pt,
	author = {Pan,J, and Shao,Z, and Xu,Y.~J.},
	title = {How government-controlled media shifts policy attitudes through framing},
	journal = { Political Science Research and Methods8},
	year = {2022},
	volume = {10},
	pages = {317-332},
	number = {2},
	month = {},
	publisher = {},
}

@ARTICLE{Huang:2015ps,
	author = {Huang, H},
	title = {Propaganda as signaling},
	journal = {Comparative Politics},
	year = {2015},
	volume = {47},
	pages = {419-444},
	number = {4},
	month = {},
	publisher = {},
}

@ARTICLE{Tombe:2019tm,
	author = {Tombe, T. and Zhu, X.},
	title = {Trade, migration, and productivity: A quantitative analysis of China.},
	journal = {American Economic Review},
	year = {2019},
	volume = {109},
	pages = {1843-72},
	number = {5},
	month = {},
	publisher = {},
}
